<?xml version="1.0" encoding="UTF-8"?><collection xmlns="http://www.loc.gov/MARC21/slim"><record><leader>00495nam--2200169-u-4500</leader><controlfield tag="001">000050633</controlfield><controlfield tag="002">20161230</controlfield><controlfield tag="005">20161230201048</controlfield><controlfield tag="008">080226s1000------------r-----000-0-eng-d</controlfield><datafield ind1=" " ind2=" " tag="040"><subfield code="a">IFIN-HH</subfield></datafield><datafield ind1=" " ind2=" " tag="080"><subfield code="a">53</subfield></datafield><datafield ind1="1" ind2=" " tag="100"><subfield code="a">Hokikian, Jack</subfield></datafield><datafield ind1="1" ind2="0" tag="245"><subfield code="a">The sicence of disorder</subfield><subfield code="b">Understanding the complexity, uncertainty, and pollution in our world</subfield><subfield code="c">Jack hokikian</subfield></datafield><datafield ind1=" " ind2=" " tag="260"><subfield code="a">Loa Angeles</subfield><subfield code="b">Los Feliz Publishing</subfield><subfield code="c">2002</subfield></datafield><datafield ind1=" " ind2=" " tag="300"><subfield code="a">XVI+303 p</subfield></datafield><datafield ind1=" " ind2=" " tag="852"><subfield code="a">81945</subfield><subfield code="c">53</subfield></datafield><datafield ind1=" " ind2=" " tag="CAT"><subfield code="a">Sys</subfield><subfield code="c">20151012</subfield><subfield code="h">083110</subfield></datafield></record></collection>